<?xml version="1.0" encoding="UTF-8"?><collection xmlns="http://www.loc.gov/MARC21/slim"><record><leader>00420nam--2200169-i-4500</leader><controlfield tag="001">000005192</controlfield><controlfield tag="002">20161230</controlfield><controlfield tag="005">20161230201026</controlfield><controlfield tag="008">060222s1000------------r-----000-0-rum-d</controlfield><datafield ind1=" " ind2=" " tag="040"><subfield code="a">IFIN-HH</subfield></datafield><datafield ind1=" " ind2=" " tag="041"><subfield code="a">rum</subfield></datafield><datafield ind1="1" ind2=" " tag="100"><subfield code="a">Atanasiu, Mihail</subfield></datafield><datafield ind1="1" ind2="0" tag="245"><subfield code="a">Mecanica tehnica</subfield><subfield code="b">Statica</subfield><subfield code="c">Mihail Atanasiu</subfield></datafield><datafield ind1=" " ind2=" " tag="260"><subfield code="a">Bucuresti, Editura Tehnica, 1963</subfield></datafield><datafield ind1=" " ind2=" " tag="300"><subfield code="a">228 P</subfield></datafield><datafield ind1=" " ind2=" " tag="852"><subfield code="a">9126</subfield><subfield code="c">531</subfield></datafield><datafield ind1=" " ind2=" " tag="CAT"><subfield code="a">Sys</subfield><subfield code="c">20100622</subfield><subfield code="h">081149</subfield></datafield></record></collection>